@article{greenwade93,
    author  = "George D. Greenwade",
    title   = "The {C}omprehensive {T}ex {A}rchive {N}etwork ({CTAN})",
    year    = "1993",
    journal = "TUGBoat",
    volume  = "14",
    number  = "3",
    pages   = "342--351"
}

@inproceedings{sohldickstein2015,
  title        = {Deep Unsupervised Learning using Nonequilibrium Thermodynamics},
  author       = {Sohl-Dickstein, Jascha and Weiss, Eric and Maheswaranathan, Niru and Ganguli, Surya},
  booktitle    = {Proceedings of the 32nd International Conference on Machine Learning (ICML)},
  year         = {2015},
  url          = {https://proceedings.mlr.press/v37/sohl-dickstein15.html}
}

@inproceedings{ho2020ddpm,
  title        = {Denoising Diffusion Probabilistic Models},
  author       = {Ho, Jonathan and Jain, Ajay and Abbeel, Pieter},
  booktitle    = {Advances in Neural Information Processing Systems (NeurIPS)},
  year         = {2020},
  url          = {https://arxiv.org/abs/2006.11239}
}

@article{wavestitch,
  title        = {WaveStitch: Flexible and Fast Conditional Time Series Generation with Diffusion Models},
  author       = {Zhao, Xinjie and Wu, Xuezhe and Li, Yixuan and Duan, Nan and Chen, Wei and Qin, Bing},
  journal      = {arXiv preprint},
  eprint       = {2503.06231},
  eprinttype   = {arxiv},
  year         = {2025},
  url          = {https://arxiv.org/abs/2503.06231}
}

@inproceedings{dhariwal2021improved,
  title        = {Improved Denoising Diffusion Probabilistic Models},
  author       = {Dhariwal, Prafulla and Nichol, Alex},
  booktitle    = {Advances in Neural Information Processing Systems (NeurIPS)},
  year         = {2021},
  url          = {https://arxiv.org/abs/2102.09672}
}

@book{bishop2006pattern,
  title        = {Pattern Recognition and Machine Learning},
  author       = {Bishop, Christopher M.},
  publisher    = {Springer},
  year         = {2006},
  url          = {https://link.springer.com/book/10.1007/978-0-387-45528-0}
}

@book{hastie2009elements,
  title        = {The Elements of Statistical Learning: Data Mining, Inference, and Prediction},
  author       = {Hastie, Trevor and Tibshirani, Robert and Friedman, Jerome},
  publisher    = {Springer},
  year         = {2009},
  url          = {https://hastie.su.domains/ElemStatLearn/}
}

@article{jain2010data,
  title        = {Data Clustering: 50 Years Beyond K-Means},
  author       = {Jain, Anil K.},
  journal      = {Pattern Recognition Letters},
  volume       = {31},
  number       = {8},
  pages        = {651--666},
  year         = {2010},
  url          = {https://doi.org/10.1016/j.patrec.2009.09.011}
}

@inproceedings{yoon2019timegan,
  title        = {TimeGAN: Time-series Generative Adversarial Networks},
  author       = {Yoon, Jinsung and Jarrett, Daniel and van der Schaar, Mihaela},
  booktitle    = {Advances in Neural Information Processing Systems (NeurIPS)},
  year         = {2019},
  url          = {https://arxiv.org/abs/1907.05321}
}

@inproceedings{tashiro2021csdi,
  title        = {CSDI: Conditional Score-based Diffusion Models for Probabilistic Time Series Imputation},
  author       = {Tashiro, Yusuke and Song, Yang and Song, Jiaming and Ermon, Stefano},
  booktitle    = {Advances in Neural Information Processing Systems (NeurIPS)},
  year         = {2021},
  url          = {https://arxiv.org/abs/2107.03502}
}

@inproceedings{song2020score,
  title        = {Score-Based Generative Modeling through Stochastic Differential Equations},
  author       = {Song, Yang and Ermon, Stefano},
  booktitle    = {International Conference on Learning Representations (ICLR)},
  year         = {2021},
  url          = {https://arxiv.org/abs/2011.13456}
}

@inproceedings{zhou2023timeweaver,
  title        = {TimeWeaver: A Conditional Diffusion Model for Time Series Generation},
  author       = {Zhou, Xiyuan and Yu, Dong and others},
  booktitle    = {International Conference on Learning Representations (ICLR)},
  year         = {2023},
  url          = {https://arxiv.org/abs/2301.02854}
}

@book{han2011data,
  author    = {Han, Jiawei and Kamber, Micheline and Pei, Jian},
  title     = {Data Mining: Concepts and Techniques},
  publisher = {Morgan Kaufmann},
  year      = {2011},
  edition   = {3rd},
  url       = {https://doi.org/10.1016/C2009-0-61819-5}
}

@book{little2019statistical,
  author    = {Little, Roderick J.A. and Rubin, Donald B.},
  title     = {Statistical Analysis with Missing Data},
  publisher = {John Wiley \& Sons},
  year      = {2019},
  edition   = {3rd},
  url       = {https://doi.org/10.1002/9781119482260}
}

@book{aggarwal2015data,
  author    = {Aggarwal, Charu C.},
  title     = {Data Mining: The Textbook},
  publisher = {Springer},
  year      = {2015},
  url       = {https://doi.org/10.1007/978-3-319-14142-8}
}

@book{shumway2017time,
  author    = {Shumway, Robert H. and Stoffer, David S.},
  title     = {Time Series Analysis and Its Applications: With R Examples},
  publisher = {Springer},
  year      = {2017},
  edition   = {4th},
  url       = {https://doi.org/10.1007/978-3-319-52452-8}
}

@book{box2015time,
  author    = {Box, George E.P. and Jenkins, Gwilym M. and Reinsel, Gregory C. and Ljung, Greta M.},
  title     = {Time Series Analysis: Forecasting and Control},
  publisher = {John Wiley \& Sons},
  year      = {2015},
  edition   = {5th},
  url       = {https://doi.org/10.1002/9781118619193}
}

@article{pearson1895correlation,
  title        = {Note on Regression and Inheritance in the Case of Two Parents},
  author       = {Pearson, Karl},
  journal      = {Proceedings of the Royal Society of London},
  volume       = {58},
  pages        = {240--242},
  year         = {1895},
  url          = {https://doi.org/10.1098/rspl.1895.0041}
}

@book{jolliffe2002pca,
  title        = {Principal Component Analysis},
  author       = {Jolliffe, Ian T.},
  year         = {2002},
  publisher    = {Springer},
  address      = {New York, NY},
  url          = {https://doi.org/10.1007/b98835}
}

@article{rousseeuw1987silhouettes,
  title        = {Silhouettes: A Graphical Aid to the Interpretation and Validation of Cluster Analysis},
  author       = {Rousseeuw, Peter J.},
  journal      = {Journal of Computational and Applied Mathematics},
  volume       = {20},
  pages        = {53--65},
  year         = {1987},
  url          = {https://doi.org/10.1016/0377-0427(87)90125-7}
}

@inproceedings{gu2021s4,
  title        = {Efficiently Modeling Long Sequences with Structured State Spaces},
  author       = {Gu, Albert and Goel, Karan and R\'e, Christopher},
  booktitle    = {International Conference on Learning Representations (ICLR)},
  year         = {2022},
  url          = {https://arxiv.org/abs/2111.00396}
}

@article{cleveland1990stl,
  title        = {STL: A Seasonal-Trend Decomposition Procedure Based on Loess},
  author       = {Cleveland, Robert B. and Cleveland, William S. and McRae, Jean E. and Terpenning, Irma},
  journal      = {Journal of Official Statistics},
  volume       = {6},
  number       = {1},
  pages        = {3--73},
  year         = {1990},
  url          = {https://www.wessa.net/download/stl.pdf}
}

@article{hyndman2006another,
  title        = {Another Look at Measures of Forecast Accuracy},
  author       = {Hyndman, Rob J. and Koehler, Anne B.},
  journal      = {International Journal of Forecasting},
  volume       = {22},
  number       = {4},
  pages        = {679--688},
  year         = {2006},
  url          = {https://doi.org/10.1016/j.ijforecast.2006.03.001}
}

@article{willmott2005advantages,
  title        = {Advantages of the Mean Absolute Error (MAE) over the Root Mean Square Error (RMSE) in Assessing Average Model Performance},
  author       = {Willmott, Cort J. and Matsuura, Kenji},
  journal      = {Climate Research},
  volume       = {30},
  number       = {1},
  pages        = {79--82},
  year         = {2005},
  url          = {https://doi.org/10.3354/cr030079}
}

@article{wang2013experimental,
  title        = {Experimental Comparison of Representation Methods and Distance Measures for Time Series Data},
  author       = {Wang, Xiaoyue and Mueen, Abdullah and Ding, Hui and Trajcevski, Goce and Scheuermann, Peter and Keogh, Eamonn},
  journal      = {Data Mining and Knowledge Discovery},
  volume       = {26},
  number       = {2},
  pages        = {275--309},
  year         = {2013},
  url          = {https://doi.org/10.1007/s10618-012-0250-5}
}

@book{hyndman2018forecasting,
  title        = {Forecasting: Principles and Practice},
  author       = {Hyndman, Rob J. and Athanasopoulos, George},
  edition      = {2nd},
  year         = {2018},
  publisher    = {OTexts},
  url          = {https://otexts.com/fpp2/}
}

@article{che2018recurrent,
  title        = {Recurrent Neural Networks for Multivariate Time Series with Missing Values},
  author       = {Che, Zhengping and Purushotham, Sanjay and Cho, Kyunghyun and Sontag, David and Liu, Yan},
  journal      = {Scientific Reports},
  volume       = {8},
  number       = {1},
  pages        = {6085},
  year         = {2018},
  url          = {https://doi.org/10.1038/s41598-018-24271-9}
}

@inproceedings{yoon2019gain,
  title        = {GAIN: Missing Data Imputation using Generative Adversarial Nets},
  author       = {Yoon, Jinsung and Jordon, James and van der Schaar, Mihaela},
  booktitle    = {Proceedings of the 35th International Conference on Machine Learning (ICML)},
  pages        = {5689--5698},
  year         = {2019},
  url          = {https://proceedings.mlr.press/v80/yoon18a.html}
}

@article{luo2018multivariate,
  title        = {Multivariate Time Series Imputation with Generative Adversarial Networks},
  author       = {Luo, Yao and Cai, Xiaodong and Zhang, Ying and Xu, Junfeng and Xia, Shanxiu and Li, Qiang},
  journal      = {Advances in Neural Information Processing Systems (NeurIPS) Workshop},
  year         = {2018},
  url          = {https://arxiv.org/abs/1806.02920}
}